<record><leader>00000cas a2200000 a 4500</leader><controlfield tag="001">11213591</controlfield><controlfield tag="008">840929d19101929kyudn ne      0    0eng d</controlfield><datafield ind1=" " ind2=" " tag="010"><subfield code="a">sn 84027479 </subfield></datafield><datafield ind1=" " ind2=" " tag="040"><subfield code="a">NPU</subfield><subfield code="b">eng</subfield><subfield code="c">NPU</subfield><subfield code="d">NPX</subfield><subfield code="d">KNP</subfield><subfield code="d">OCL</subfield><subfield code="d">OCLCQ</subfield><subfield code="d">DLC</subfield><subfield code="d">KYUBL</subfield><subfield code="d">OCLCF</subfield><subfield code="d">OCLCO</subfield></datafield><datafield ind1="1" ind2=" " tag="029"><subfield code="a">AU@</subfield><subfield code="b">000020340172</subfield></datafield><datafield ind1=" " ind2=" " tag="042"><subfield code="a">msc</subfield></datafield><datafield ind1="0" ind2=" " tag="130"><subfield code="a">News=democrat (Paducah, Ky.)</subfield></datafield><datafield ind1="1" ind2="0" tag="245"><subfield code="a">News=democrat.</subfield></datafield><datafield ind1="1" ind2="3" tag="246"><subfield code="a">News democrat</subfield></datafield><datafield ind1="1" ind2="3" tag="246"><subfield code="a">Paducah news=democrat evening sun</subfield></datafield><datafield ind1="3" ind2="0" tag="246"><subfield code="a">Paducah news democrat evening sun</subfield></datafield><datafield ind1=" " ind2=" " tag="260"><subfield code="a">Paducah, Ky. :</subfield><subfield code="b">Democrat Pub. Co.,</subfield><subfield code="c">1910-1929.</subfield></datafield><datafield ind1=" " ind2=" " tag="300"><subfield code="a">v. :</subfield><subfield code="b">ill. (chiefly adv.) ;</subfield><subfield code="c">62 cm.</subfield></datafield><datafield ind1=" " ind2=" " tag="310"><subfield code="a">Daily (except Mon.)</subfield></datafield><datafield ind1="0" ind2=" " tag="362"><subfield code="a">Vol. 43, no. 181 (Aug. 13, 1910)- ; -v. 32, no. 150 (July 20, 1929).</subfield></datafield><datafield ind1=" " ind2=" " tag="500"><subfield code="a">On Sunday published as: Paducah news=democrat evening sun.</subfield></datafield><datafield ind1=" " ind2=" " tag="515"><subfield code="a">Vol. numbering is irregular.</subfield></datafield><datafield ind1=" " ind2=" " tag="515"><subfield code="a">Vol. 32, no. 150 is repeated in numbering from -July 20, 1929.</subfield></datafield><datafield ind1=" " ind2="0" tag="651"><subfield code="a">McCracken County (Ky.)</subfield><subfield code="v">Newspapers.</subfield></datafield><datafield ind1=" " ind2="0" tag="651"><subfield code="a">Paducah (Ky.)</subfield><subfield code="v">Newspapers.</subfield></datafield><datafield ind1=" " ind2="7" tag="655"><subfield code="a">Newspapers.</subfield><subfield code="2">fast</subfield><subfield code="0">(OCoLC)fst01423814</subfield></datafield><datafield ind1=" " ind2="7" tag="651"><subfield code="a">Kentucky</subfield><subfield code="z">McCracken County.</subfield><subfield code="2">fast</subfield><subfield code="0">(OCoLC)fst01215431</subfield></datafield><datafield ind1=" " ind2="7" tag="651"><subfield code="a">Kentucky</subfield><subfield code="z">Paducah.</subfield><subfield code="2">fast</subfield><subfield code="0">(OCoLC)fst01206751</subfield></datafield><datafield ind1=" " ind2=" " tag="752"><subfield code="a">United States</subfield><subfield code="b">Kentucky</subfield><subfield code="c">McCracken</subfield><subfield code="d">Paducah.</subfield></datafield><datafield ind1="0" ind2="0" tag="780"><subfield code="t">Daily news=democrat (Paducah, Ky.)</subfield><subfield code="w">(DLC)sn 85052120</subfield></datafield><datafield ind1="0" ind2="7" tag="785"><subfield code="t">Paducah evening sun</subfield><subfield code="x">1943-8966</subfield><subfield code="w">(DLC)sn 85052114</subfield><subfield code="w">(OCoLC)12442761</subfield></datafield><datafield ind1="0" ind2="7" tag="785"><subfield code="t">Sun-democrat (Paducah, Ky. : 1929)</subfield><subfield code="w">(DLC)sn 85052113</subfield></datafield></record>